@book {sturmfels,
    AUTHOR = {Sturmfels, Bernd},
     TITLE = {Gr\"obner bases and convex polytopes},
    SERIES = {University Lecture Series},
    VOLUME = {8},
 PUBLISHER = {American Mathematical Society},
   ADDRESS = {Providence, RI},
      YEAR = {1996},
      ISBN = {0-8218-0487-1},
}
@article {eisenbud_graphcurves,
    AUTHOR = {Bayer, Dave and Eisenbud, David and },
     TITLE = {Graph curves},
      NOTE = {With an appendix by Sung Won Park},
   JOURNAL = {Adv. Math.},
  FJOURNAL = {Advances in Mathematics},
    VOLUME = {86},
      YEAR = {1991},
    NUMBER = {1},
     PAGES = {1--40},
       DOI = {10.1016/0001-8708(91)90034-5},
}
@book {eisenbud_commalg,
    AUTHOR = {Eisenbud, David},
     TITLE = {Commutative algebra},
    SERIES = {Graduate Texts in Mathematics},
    VOLUME = {150},
      NOTE = {With a view toward algebraic geometry},
 PUBLISHER = {Springer-Verlag, New York},
      YEAR = {1995},
      ISBN = {0-387-94268-8; 0-387-94269-6},
       DOI = {10.1007/978-1-4612-5350-1},
}
@book {stanley_green,
    AUTHOR = {Stanley, Richard P.},
     TITLE = {Combinatorics and commutative algebra},
    SERIES = {Progress in Mathematics},
    VOLUME = {41},
   EDITION = {Second},
 PUBLISHER = {Birkh\"auser Boston, Inc., Boston, MA},
      YEAR = {1996},
      ISBN = {0-8176-3836-9},
}
@article {altmann_versaldeformation,
    AUTHOR = {Altmann, Klaus},
     TITLE = {The versal deformation of an isolated toric {G}orenstein
              singularity},
   JOURNAL = {Invent. Math.},
  FJOURNAL = {Inventiones Mathematicae},
    VOLUME = {128},
      YEAR = {1997},
    NUMBER = {3},
     PAGES = {443--479},
       DOI = {10.1007/s002220050148},
}
@article {deforming_christophersen,
    AUTHOR = {Altmann, Klaus and Christophersen, Jan Arthur},
     TITLE = {Deforming {S}tanley-{R}eisner schemes},
   JOURNAL = {Math. Ann.},
  FJOURNAL = {Mathematische Annalen},
    VOLUME = {348},
      YEAR = {2010},
    NUMBER = {3},
     PAGES = {513--537},
     CODEN = {MAANA},
       DOI = {10.1007/s00208-010-0490-x},
}
@book {stevens_deformations,
    AUTHOR = {Stevens, Jan},
     TITLE = {Deformations of singularities},
    SERIES = {Lecture Notes in Mathematics},
    VOLUME = {1811},
 PUBLISHER = {Springer-Verlag, Berlin},
      YEAR = {2003},
      ISBN = {3-540-00560-9},
       DOI = {10.1007/b10723},
}
@book {cox_toric,
    AUTHOR = {Cox, David A. and Little, John B. and Schenck, Henry K.},
     TITLE = {Toric varieties},
    SERIES = {Graduate Studies in Mathematics},
    VOLUME = {124},
 PUBLISHER = {American Mathematical Society, Providence, RI},
      YEAR = {2011},
      ISBN = {978-0-8218-4819-7},
       DOI = {10.1090/gsm/124},
}
@book {bott_tu,
    AUTHOR = {Bott, Raoul and Tu, Loring W.},
     TITLE = {Differential forms in algebraic topology},
    SERIES = {Graduate Texts in Mathematics},
    VOLUME = {82},
 PUBLISHER = {Springer-Verlag, New York-Berlin},
      YEAR = {1982},
      ISBN = {0-387-90613-4},
   MRCLASS = {57R19 (55-02 58-01 58A12)},
  MRNUMBER = {658304},
MRREVIEWER = {Hansklaus Rummler},
}
@book {spanier_topology,
    AUTHOR = {Spanier, Edwin H.},
     TITLE = {Algebraic topology},
 PUBLISHER = {McGraw-Hill Book Co., New York-Toronto, Ont.-London},
      YEAR = {1966},
   MRCLASS = {55.00},
  MRNUMBER = {0210112},
MRREVIEWER = {S.-T. Hu},
}
@article {andreotti_affinecw,
    AUTHOR = {Andreotti, Aldo and Frankel, Theodore},
     TITLE = {The {L}efschetz theorem on hyperplane sections},
   JOURNAL = {Ann. of Math. (2)},
  FJOURNAL = {Annals of Mathematics. Second Series},
    VOLUME = {69},
      YEAR = {1959},
     PAGES = {713--717},
}
@article {beauville_hyperkahler,
    AUTHOR = {Beauville, Arnaud},
     TITLE = {Vari\'et\'es {K}\"ahleriennes dont la premi\`ere classe de {C}hern est
              nulle},
   JOURNAL = {J. Differential Geom.},
  FJOURNAL = {Journal of Differential Geometry},
    VOLUME = {18},
      YEAR = {1983},
    NUMBER = {4},
     PAGES = {755--782 (1984)},
MRREVIEWER = {N. J. Hitchin},
       URL = {http://projecteuclid.org/euclid.jdg/1214438181},
}
@article {beauville_donagi_fano,
    AUTHOR = {Beauville, Arnaud and Donagi, Ron},
     TITLE = {La vari\'et\'e des droites d'une hypersurface cubique de dimension
              {$4$}},
   JOURNAL = {C. R. Acad. Sci. Paris S\'er. I Math.},
  FJOURNAL = {Comptes Rendus des S\'eances de l'Acad\'emie des Sciences. S\'erie
              I. Math\'ematique},
    VOLUME = {301},
      YEAR = {1985},
    NUMBER = {14},
     PAGES = {703--706},
}
@book {hartshorne,
    AUTHOR = {Hartshorne, Robin},
     TITLE = {Algebraic geometry},
      NOTE = {Graduate Texts in Mathematics, No. 52},
 PUBLISHER = {Springer-Verlag},
   ADDRESS = {New York},
      YEAR = {1977},
      ISBN = {0-387-90244-9},
   MRCLASS = {14-01},
  MRNUMBER = {0463157 (57 \#3116)},
MRREVIEWER = {Robert Speiser},
}
@book {hartshorne_deformations,
    AUTHOR = {Hartshorne, Robin},
     TITLE = {Deformation theory},
    SERIES = {Graduate Texts in Mathematics},
    VOLUME = {257},
 PUBLISHER = {Springer, New York},
      YEAR = {2010},
      ISBN = {978-1-4419-1595-5},
       DOI = {10.1007/978-1-4419-1596-2},
}

@article {batyrev_mirrorsymmetry,
    AUTHOR = {Batyrev, Victor V.},
     TITLE = {Dual polyhedra and mirror symmetry for {C}alabi-{Y}au
              hypersurfaces in toric varieties},
   JOURNAL = {J. Algebraic Geom.},
  FJOURNAL = {Journal of Algebraic Geometry},
    VOLUME = {3},
      YEAR = {1994},
    NUMBER = {3},
     PAGES = {493--535},
}
@book {fulton_toric,
    AUTHOR = {Fulton, William},
     TITLE = {Introduction to toric varieties},
    SERIES = {Annals of Mathematics Studies},
    VOLUME = {131},
      NOTE = {The William H. Roever Lectures in Geometry},
 PUBLISHER = {Princeton University Press, Princeton, NJ},
      YEAR = {1993},
      ISBN = {0-691-00049-2},
       DOI = {10.1515/9781400882526},
}
@article {ilten_versaldeformations,
    AUTHOR = {Ilten, Nathan Owen},
     TITLE = {Versal deformations and local {H}ilbert schemes},
   JOURNAL = {J. Softw. Algebra Geom.},
  FJOURNAL = {The Journal of Software for Algebra and Geometry},
    VOLUME = {4},
      YEAR = {2012},
     PAGES = {12--16},
MRREVIEWER = {Arvid Siqveland},
}
@book {glaser_combtop,
    AUTHOR = {Glaser, Leslie C.},
     TITLE = {Geometrical combinatorial topology. {V}ol. {I}},
    SERIES = {Van Nostrand Reinhold Mathematics Studies},
    VOLUME = {27},
 PUBLISHER = {Van Nostrand Reinhold Co., New York},
      YEAR = {1970},
   MRCLASS = {57Qxx},
  MRNUMBER = {3309564},
}
@book {hudson_pl,
    AUTHOR = {Hudson, John F. P.},
     TITLE = {Piecewise linear topology},
    SERIES = {University of Chicago Lecture Notes prepared with the
              assistance of J. L. Shaneson and J. Lees},
 PUBLISHER = {W. A. Benjamin, Inc., New York-Amsterdam},
      YEAR = {1969},
   MRCLASS = {57.01},
  MRNUMBER = {0248844},
MRREVIEWER = {R. B. Sher},
}
@article {rodland_pfaffian,
    AUTHOR = {R\o dland, Einar Andreas},
     TITLE = {The {P}faffian {C}alabi-{Y}au, its mirror, and their link to
              the {G}rassmannian {$G(2,7)$}},
   JOURNAL = {Compositio Math.},
  FJOURNAL = {Compositio Mathematica},
    VOLUME = {122},
      YEAR = {2000},
    NUMBER = {2},
     PAGES = {135--149},
       DOI = {10.1023/A:1001847914402},
}
@incollection {reid_codimension,
    AUTHOR = {Reid, Miles},
     TITLE = {Gorenstein in codimension 4: the general structure theory},
 BOOKTITLE = {Algebraic geometry in east {A}sia---{T}aipei 2011},
    SERIES = {Adv. Stud. Pure Math.},
    VOLUME = {65},
     PAGES = {201--227},
 PUBLISHER = {Math. Soc. Japan, Tokyo},
      YEAR = {2015},
   MRCLASS = {13D02 (13C05 13H10 14M05)},
  MRNUMBER = {3380790},
MRREVIEWER = {Elena Guardo},
}
@article {altman_joins,
    AUTHOR = {Altman, Allen B. and Kleiman, Steven L.},
     TITLE = {Joins of schemes, linear projections},
   JOURNAL = {Compositio Math.},
  FJOURNAL = {Compositio Mathematica},
    VOLUME = {31},
      YEAR = {1975},
    NUMBER = {3},
     PAGES = {309--343},
}
@book {mirrorsymmetry,
    AUTHOR = {Cox, David A. and Katz, Sheldon},
     TITLE = {Mirror symmetry and algebraic geometry},
    SERIES = {Mathematical Surveys and Monographs},
    VOLUME = {68},
 PUBLISHER = {American Mathematical Society, Providence, RI},
      YEAR = {1999},
      ISBN = {0-8218-1059-6},
       DOI = {10.1090/surv/068},
}
@article {palp,
    AUTHOR = {Kreuzer, Maximilian and Skarke, Harald},
     TITLE = {P{ALP}: a package for analysing lattice polytopes with
              applications to toric geometry},
   JOURNAL = {Comput. Phys. Comm.},
  FJOURNAL = {Computer Physics Communications. An International Journal and
              Program Library for Computational Physics and Physical
              Chemistry},
    VOLUME = {157},
      YEAR = {2004},
    NUMBER = {1},
     PAGES = {87--106},
       DOI = {10.1016/S0010-4655(03)00491-0},
}
@book {bestiary_hubsch,
    AUTHOR = {H\"ubsch, Tristan},
     TITLE = {Calabi-{Y}au manifolds},
      NOTE = {A bestiary for physicists},
 PUBLISHER = {World Scientific Publishing Co., Inc., River Edge, NJ},
      YEAR = {1992},
      ISBN = {981-02-0662-3},
       DOI = {10.1142/1410},
}
@article {braun_smallhodgenumbers,
    AUTHOR = {Braun, Volker and Candelas, Philip and Davies, Rhys},
     TITLE = {A three-generation {C}alabi-{Y}au manifold with small {H}odge
              numbers},
   JOURNAL = {Fortschr. Phys.},
  FJOURNAL = {Fortschritte der Physik. Progress of Physics},
    VOLUME = {58},
      YEAR = {2010},
    NUMBER = {4-5},
     PAGES = {467--502},
       DOI = {10.1002/prop.200900106},
}
@ARTICLE{herzog_canonical,
   author = {{Herzog}, JÃ¼rgen and {Hibi}, Takayuki and {Stamate}, Dumitru~I.},
    title = "{The trace of the canonical module}",
  journal = {ArXiv e-prints},
archivePrefix = "arXiv",
   eprint = {1612.02723},
 primaryClass = "math.AC",
 keywords = {Mathematics - Commutative Algebra, Mathematics - Combinatorics, Mathematics - Rings and Algebras, 13H10, 13D02, 05E40, 16S36 (Primary), 14M25, 13A02, 13F20, 13A18, 06A11 (Secondary)},
     year = 2016,
    month = dec,
   adsurl = {http://adsabs.harvard.edu/abs/2016arXiv161202723H},
  adsnote = {Provided by the SAO/NASA Astrophysics Data System},
}
@book {hatcher_topology,
    AUTHOR = {Hatcher, Allen},
     TITLE = {Algebraic topology},
 PUBLISHER = {Cambridge University Press, Cambridge},
      YEAR = {2002},
      ISBN = {0-521-79160-X; 0-521-79540-0},
   MRCLASS = {55-01 (55-00)},
  MRNUMBER = {1867354},
MRREVIEWER = {Donald W. Kahn},
}
@article {cp2_15_chess,
    AUTHOR = {Gaifullin, Alexander A.},
     TITLE = {A minimal triangulation of the complex {projective} plane that
              admits a chessboard coloring of four-dimensional simplices},
   JOURNAL = {Tr. Mat. Inst. Steklova},
  FJOURNAL = {Trudy Matematicheskogo Instituta Imeni V. A. Steklova.
              Rossi\u\i skaya Akademiya Nauk},
    VOLUME = {266},
      YEAR = {2009},
    NUMBER = {Geometriya, Topologiya i Matematicheskaya Fizika. II},
     PAGES = {33--53},
       DOI = {10.1134/S008154380903002X},
}
@manual{sagemath,
  Key          = {SageMath},
  Author       = {William Stein, The Sage Developers},
  Title        = {{S}ageMath, the {S}age {M}athematics {S}oftware {S}ystem ({V}ersion 7.5)},
  URL          = {http://www.sagemath.org},
  Year         = {2017},
}
@article{fausk_thesis,
   author = {{Fausk}, Ingrid},
    title = "{Pfaffian Calabi-{Yau} threefolds, Stanley-Reisner schemes and mirror symmetry}",
  journal = {ArXiv e-prints},
archivePrefix = "arXiv",
   eprint = {1205.4871},
 primaryClass = "math.AG",
 keywords = {Mathematics - Algebraic Geometry},
     year = 2012,
    month = may,
   adsurl = {http://adsabs.harvard.edu/abs/2012arXiv1205.4871F},
  adsnote = {Provided by the SAO/NASA Astrophysics Data System},
}
@article {kleppe_deformations,
    AUTHOR = {Kleppe, Jan O.},
     TITLE = {Deformations of graded algebras},
   JOURNAL = {Math. Scand.},
  FJOURNAL = {Mathematica Scandinavica},
    VOLUME = {45},
      YEAR = {1979},
    NUMBER = {2},
     PAGES = {205--231},
       DOI = {10.7146/math.scand.a-11837},
}
@article {kapustka_delpezzo,
    AUTHOR = {Kapustka, Grzegorz},
     TITLE = {Projections of del {P}ezzo surfaces and {C}alabi-{Y}au
              threefolds},
   JOURNAL = {Adv. Geom.},
  FJOURNAL = {Advances in Geometry},
    VOLUME = {15},
      YEAR = {2015},
    NUMBER = {2},
     PAGES = {143--158},
       DOI = {10.1515/advgeom-2015-0002},
}
@incollection {monodromy_straten,
    AUTHOR = {van Enckevort, Christian and van Straten, Duco},
     TITLE = {Monodromy calculations of fourth order equations of
              {C}alabi-{Y}au type},
 BOOKTITLE = {Mirror symmetry. {V}},
    SERIES = {AMS/IP Stud. Adv. Math.},
    VOLUME = {38},
     PAGES = {539--559},
 PUBLISHER = {Amer. Math. Soc., Providence, RI},
      YEAR = {2006},
}
@article {kuhnel_9vertex,
    AUTHOR = {K\"uhnel, Wolfgang. and Banchoff, Tom F.},
     TITLE = {The {$9$}-vertex complex projective plane},
   JOURNAL = {Math. Intelligencer},
  FJOURNAL = {The Mathematical Intelligencer},
    VOLUME = {5},
      YEAR = {1983},
    NUMBER = {3},
     PAGES = {11--22},
       DOI = {10.1007/BF03026567},
}
@article {banchoff_equilibrium,
    AUTHOR = {Banchoff, Tom F. and K\"uhnel, Wolfgang},
     TITLE = {Equilibrium triangulations of the complex projective plane},
   JOURNAL = {Geom. Dedicata},
  FJOURNAL = {Geometriae Dedicata},
    VOLUME = {44},
      YEAR = {1992},
    NUMBER = {3},
     PAGES = {313--333},
       DOI = {10.1007/BF00181398},
}
@article {bagchi_datta,
    AUTHOR = {Bagchi, Bhaskar and Datta, Basudeb},
     TITLE = {From the icosahedron to natural triangulations of {$\Bbb C
              P^2$} and {$S^2\times S^2$}},
   JOURNAL = {Discrete Comput. Geom.},
  FJOURNAL = {Discrete \& Computational Geometry. An International Journal
              of Mathematics and Computer Science},
    VOLUME = {46},
      YEAR = {2011},
    NUMBER = {3},
     PAGES = {542--560},
       DOI = {10.1007/s00454-010-9281-0},
}
@article {candelas_string,
    AUTHOR = {Candelas, Philip and de la Ossa, Xenia C. and Green, Paul S.
              and Parkes, Linda},
     TITLE = {A pair of {C}alabi-{Y}au manifolds as an exactly soluble
              superconformal theory},
   JOURNAL = {Nuclear Phys. B},
  FJOURNAL = {Nuclear Physics. B. Theoretical, Phenomenological, and
              Experimental High Energy Physics. Quantum Field Theory and
              Statistical Systems},
    VOLUME = {359},
      YEAR = {1991},
    NUMBER = {1},
     PAGES = {21--74},
       DOI = {10.1016/0550-3213(91)90292-6},
}
@book {mirrorsymmetry_vafa,
    AUTHOR = {Hori, Kentaro and Katz, Sheldon and Klemm, Albrecht and
              Pandharipande, Rahul and Thomas, Richard and Vafa, Cumrun and
              Vakil, Ravi and Zaslow, Eric},
     TITLE = {Mirror symmetry},
    SERIES = {Clay Mathematics Monographs},
    VOLUME = {1},
      NOTE = {With a preface by Vafa},
 PUBLISHER = {American Mathematical Society, Providence, RI; Clay
              Mathematics Institute, Cambridge, MA},
      YEAR = {2003},
      ISBN = {0-8218-2955-6},
   MRCLASS = {14J32 (14N35 32Q25 81T30 81T60)},
  MRNUMBER = {2003030},
MRREVIEWER = {Marcos Mari\~A$\pm$o},
}
@article {kahle_binomials,
    AUTHOR = {Kahle, Thomas},
     TITLE = {Decompositions of binomial ideals},
   JOURNAL = {J. Softw. Algebra Geom.},
  FJOURNAL = {The Journal of Software for Algebra and Geometry},
    VOLUME = {4},
      YEAR = {2012},
     PAGES = {1--5},
}
@article {roan_minres,
    AUTHOR = {Roan, Shi-Shyr},
     TITLE = {Minimal resolutions of {G}orenstein orbifolds in dimension
              three},
   JOURNAL = {Topology},
  FJOURNAL = {Topology. An International Journal of Mathematics},
    VOLUME = {35},
      YEAR = {1996},
    NUMBER = {2},
     PAGES = {489--508},
       DOI = {10.1016/0040-9383(95)00018-6},
}
@article {roan_euler,
    AUTHOR = {Roan, Shi-Shyr},
     TITLE = {On the generalization of {K}ummer surfaces},
   JOURNAL = {J. Differential Geom.},
  FJOURNAL = {Journal of Differential Geometry},
    VOLUME = {30},
      YEAR = {1989},
    NUMBER = {2},
     PAGES = {523--537},
       URL = {http://projecteuclid.org/euclid.jdg/1214443600},
}
@Misc{M2,
          author = {Grayson, Daniel R. and Stillman, Michael E.},
          title = {Macaulay2, a software system for research in algebraic geometry},
          howpublished = {Available at \url{http://www.math.uiuc.edu/Macaulay2/}}
        }

@article {grunbaum_enumeration,
    AUTHOR = {Gr\"unbaum, Branko and Sreedharan, Vadakekkara P.},
     TITLE = {An enumeration of simplicial {$4$}-polytopes with {$8$}
              vertices},
   JOURNAL = {J. Combinatorial Theory},
    VOLUME = {2},
      YEAR = {1967},
     PAGES = {437--465},
   MRCLASS = {52.10 (05.00)},
  MRNUMBER = {0215182},
MRREVIEWER = {D. W. Barnette},
}        
@article {MR3591944,
    AUTHOR = {Coughlan, Stephen and Go\l \polhk ebiowski, \L ukasz and Kapustka,
              Grzegorz and Kapustka, Micha\l },
     TITLE = {Arithmetically {G}orenstein {C}alabi-{Y}au threefolds in
              {$\Bbb P^7$}},
   JOURNAL = {Electron. Res. Announc. Math. Sci.},
  FJOURNAL = {Electronic Research Announcements in Mathematical Sciences},
    VOLUME = {23},
      YEAR = {2016},
     PAGES = {52--68},
       DOI = {10.3934/era.2016.23.006},
}
@article {candelas_newcy,
    AUTHOR = {Candelas, Philip and Davies, Rhys},
     TITLE = {New {C}alabi-{Y}au manifolds with small {H}odge numbers},
   JOURNAL = {Fortschr. Phys.},
  FJOURNAL = {Fortschritte der Physik. Progress of Physics},
    VOLUME = {58},
      YEAR = {2010},
    NUMBER = {4-5},
     PAGES = {383--466},
       DOI = {10.1002/prop.200900105},
}
@misc{cy_database,
  title = {Calabi--Yau equations database},
  author = {van Straten, Duco},
  howpublished = {\url{http://cydb.mathematik.uni-mainz.de/}},
  note = {Accessed: 2017-05-11}
}
@book {voison_cg,
    AUTHOR = {Voisin, Claire},
     TITLE = {Hodge theory and complex algebraic geometry. {I}},
    SERIES = {Cambridge Studies in Advanced Mathematics},
    VOLUME = {76},
      NOTE = {Translated from the French original by Leila Schneps},
 PUBLISHER = {Cambridge University Press, Cambridge},
      YEAR = {2002},
      ISBN = {0-521-80260-1},
       DOI = {10.1017/CBO9780511615344},
}
@incollection {MR1611822,
    AUTHOR = {Grothendieck, Alexander},
     TITLE = {Techniques de construction et th\'eor\`emes d'existence en
              g\'eom\'etrie alg\'ebrique. {IV}. {L}es sch\'emas de {H}ilbert},
 BOOKTITLE = {S\'eminaire {B}ourbaki, {V}ol.\ 6},
     PAGES = {Exp.\ No.\ 221, 249--276},
 PUBLISHER = {Soc. Math. France, Paris},
      YEAR = {1995},
   MRCLASS = {14C05},
  MRNUMBER = {1611822},
}
@book {MR0209285,
    AUTHOR = {Mumford, David},
     TITLE = {Lectures on curves on an algebraic surface},
    SERIES = {With a section by G. M. Bergman. Annals of Mathematics
              Studies, No. 59},
 PUBLISHER = {Princeton University Press, Princeton, N.J.},
      YEAR = {1966},
   MRCLASS = {14.20},
  MRNUMBER = {0209285},
MRREVIEWER = {T. Matsusaka},
}
@article {clemens_double,
    AUTHOR = {Clemens, Charles Herbert},
     TITLE = {Double solids},
   JOURNAL = {Adv. in Math.},
  FJOURNAL = {Advances in Mathematics},
    VOLUME = {47},
      YEAR = {1983},
    NUMBER = {2},
     PAGES = {107--230},
       DOI = {10.1016/0001-8708(83)90025-7},
}
@article {mazur_deformations,
    AUTHOR = {Mazur, Barry},
     TITLE = {Perturbations, deformations, and variations (and
              ``near-misses'') in geometry, physics, and number theory},
   JOURNAL = {Bull. Amer. Math. Soc. (N.S.)},
  FJOURNAL = {American Mathematical Society. Bulletin. New Series},
    VOLUME = {41},
      YEAR = {2004},
    NUMBER = {3},
     PAGES = {307--336},
       DOI = {10.1090/S0273-0979-04-01024-9},
}

@ARTICLE{t1_ref,
   author = {{Di Natale}, Carmelo and {Fatighenti}, Enrico and {Fiorenza}, D},
    title = "{Hodge Theory and Deformations of Affine Cones of Subcanonical Projective Varieties}",
  journal = {ArXiv e-prints},
archivePrefix = "arXiv",
   eprint = {1512.00835},
 primaryClass = "math.AG",
 keywords = {Mathematics - Algebraic Geometry},
     year = 2015,
    month = dec,
}
@article {schlessinger_rigid,
    AUTHOR = {Schlessinger, Michael},
     TITLE = {On rigid singularities},
      NOTE = {Complex analysis, 1972 (Proc. Conf., Rice Univ., Houston,
              Tex., 1972), Vol. I: Geometry of singularities},
   JOURNAL = {Rice Univ. Studies},
  FJOURNAL = {Rice University Studies},
    VOLUME = {59},
      YEAR = {1973},
    NUMBER = {1},
     PAGES = {147--162},
}
@incollection {lehn_symplectic,
    AUTHOR = {Lehn, M.},
     TITLE = {Symplectic moduli spaces},
 BOOKTITLE = {Intersection theory and moduli},
    SERIES = {ICTP Lect. Notes, XIX},
     PAGES = {139--184},
 PUBLISHER = {Abdus Salam Int. Cent. Theoret. Phys., Trieste},
      YEAR = {2004},
   MRCLASS = {32J18 (14D20 53C26 53D30)},
  MRNUMBER = {2172497},
MRREVIEWER = {Mark Gross},
}